

@article{mirjalili2014let,
  title={Let a biogeography-based optimizer train your multi-layer perceptron},
  author={Mirjalili, Seyedali and Mirjalili, Seyed Mohammad and Lewis, Andrew},
  journal={Information Sciences},
  volume={269},
  pages={188--209},
  year={2014},
  publisher={Elsevier}
}

